@incollection{turing2009computing,
  title={Computing machinery and intelligence},
  author={Turing, Alan M},
  booktitle={Parsing the Turing Test},
  pages={23--65},
  year={2009},
  publisher={Springer}
}

@misc{Colah,
  title = {Understanding LSTM Networks},
  howpublished = {\url{http://neuralnetworksanddeeplearning.com/chap5.html}},
  note = {Posted on: 2015-08-27}
}

@inproceedings{nagabandi2018neural,
  title={Neural network dynamics for model-based deep reinforcement learning with model-free fine-tuning},
  author={Nagabandi, Anusha and Kahn, Gregory and Fearing, Ronald S and Levine, Sergey},
  booktitle={2018 IEEE International Conference on Robotics and Automation (ICRA)},
  pages={7559--7566},
  year={2018},
  organization={IEEE}
}

@misc{nielsenneural,
  added-at = {2019-01-15T22:46:49.000+0100},
  author = {Nielsen, Michael A.},
  biburl = {https://www.bibsonomy.org/bibtex/274383acee84241145ff4ffede9658206/slicside},
  interhash = {04d527cadd39f888fc3babcad3343362},
  intrahash = {74383acee84241145ff4ffede9658206},
  keywords = {ba-2018-hahnrico},
  publisher = {Determination Press},
  timestamp = {2019-01-15T22:46:49.000+0100},
  title = {Neural Networks and Deep Learning},
  type = {misc},
  url = {http://neuralnetworksanddeeplearning.com/},
  year = 2018
}


@book{bib:2018Sutton_RLBook,
  title={Reinforcement learning: An introduction},
  author={Sutton, Richard S and Barto, Andrew G},
  year={2018},
  publisher={MIT press}
}

@article{cui2018deep,
  title={Deep bidirectional and unidirectional LSTM recurrent neural network for network-wide traffic speed prediction},
  author={Cui, Zhiyong and Ke, Ruimin and Pu, Ziyuan and Wang, Yinhai},
  journal={arXiv preprint arXiv:1801.02143},
  year={2018}
}

@book{goodfellow2016deep,
  title={Deep learning},
  author={Goodfellow, Ian and Bengio, Yoshua and Courville, Aaron},
  year={2016},
  publisher={MIT press}
}

@article{lipton2015critical,
  title={A critical review of recurrent neural networks for sequence learning},
  author={Lipton, Zachary C and Berkowitz, John and Elkan, Charles},
  journal={arXiv preprint arXiv:1506.00019},
  year={2015}
}

@article{kingma2019introduction,
  title={An introduction to variational autoencoders},
  author={Kingma, Diederik P and Welling, Max},
  journal={arXiv preprint arXiv:1906.02691},
  year={2019}
}

@article{doersch2016tutorial,
  title={Tutorial on variational autoencoders},
  author={Doersch, Carl},
  journal={arXiv preprint arXiv:1606.05908},
  year={2016}
}

@article{jing2020self,
  title={Self-supervised visual feature learning with deep neural networks: A survey},
  author={Jing, Longlong and Tian, Yingli},
  journal={IEEE Transactions on Pattern Analysis and Machine Intelligence},
  year={2020},
  publisher={IEEE}
}

@book{Mitchell97,
  abstract = {This book covers the field of machine learning, which is the study of algorithms that allow computer programs to automatically improve through experience. This exciting addition to the McGraw-Hill Series in Computer Science focuses on the concepts and techniques that contribute to the rapidly changing field of machine learning---including probability and statistics, artificial intelligence, and neural networks---unifying them all in a logical and coherent manner.},
  added-at = {2017-05-08T14:37:30.000+0200},
  address = {New York},
  author = {Mitchell, Tom M.},
  biburl = {https://www.bibsonomy.org/bibtex/23e79734ee1a6e49aee02ffd108224d1c/flint63},
  file = {eBook:1900-99/Mitchell97.pdf:PDF;McGraw-Hill Product page:http\://www.mhprofessional.com/product.php?isbn=0070428077:URL;Amazon Search inside:http\://www.amazon.de/gp/reader/0070428077/:URL},
  groups = {public},
  interhash = {479a66c32badb3a455fbdcf8e6633a5d},
  intrahash = {3e79734ee1a6e49aee02ffd108224d1c},
  isbn = {978-0-07-042807-2},
  keywords = {01624 105 book shelf ai learn algorithm},
  publisher = {McGraw-Hill},
  timestamp = {2017-07-13T17:10:10.000+0200},
  title = {Machine Learning},
  username = {flint63},
  year = 1997
}


@article{watkins1992q,
  title={Q-learning},
  author={Watkins, Christopher JCH and Dayan, Peter},
  journal={Machine learning},
  volume={8},
  number={3-4},
  pages={279--292},
  year={1992},
  publisher={Springer}
}

@article{mnih2015human,
  title={Human-level control through deep reinforcement learning},
  author={Mnih, Volodymyr and Kavukcuoglu, Koray and Silver, David and Rusu, Andrei A and Veness, Joel and Bellemare, Marc G and Graves, Alex and Riedmiller, Martin and Fidjeland, Andreas K and Ostrovski, Georg and others},
  journal={Nature},
  volume={518},
  number={7540},
  pages={529--533},
  year={2015},
  publisher={Nature Publishing Group}
}

@inproceedings{hafner2019learning,
  title={Learning latent dynamics for planning from pixels},
  author={Hafner, Danijar and Lillicrap, Timothy and Fischer, Ian and Villegas, Ruben and Ha, David and Lee, Honglak and Davidson, James},
  booktitle={International Conference on Machine Learning},
  pages={2555--2565},
  year={2019}
}

@article{tassa2018deepmind,
  title={Deepmind control suite},
  author={Tassa, Yuval and Doron, Yotam and Muldal, Alistair and Erez, Tom and Li, Yazhe and Casas, Diego de Las and Budden, David and Abdolmaleki, Abbas and Merel, Josh and Lefrancq, Andrew and others},
  journal={arXiv preprint arXiv:1801.00690},
  year={2018}
}

@article{kingma2014adam,
  title={Adam: A method for stochastic optimization},
  author={Kingma, Diederik P and Ba, Jimmy},
  journal={arXiv preprint arXiv:1412.6980},
  year={2014}
}

@article{tesauro1995temporal,
  title={Temporal difference learning and TD-Gammon},
  author={Tesauro, Gerald},
  journal={Communications of the ACM},
  volume={38},
  number={3},
  pages={58--68},
  year={1995}
}

@article{silver2016mastering,
  title={Mastering the game of Go with deep neural networks and tree search},
  author={Silver, David and Huang, Aja and Maddison, Chris J and Guez, Arthur and Sifre, Laurent and Van Den Driessche, George and Schrittwieser, Julian and Antonoglou, Ioannis and Panneershelvam, Veda and Lanctot, Marc and others},
  journal={nature},
  volume={529},
  number={7587},
  pages={484--489},
  year={2016},
  publisher={Nature Publishing Group}
}

@article{andrychowicz2020learning,
  title={Learning dexterous in-hand manipulation},
  author={Andrychowicz, OpenAI: Marcin and Baker, Bowen and Chociej, Maciek and Jozefowicz, Rafal and McGrew, Bob and Pachocki, Jakub and Petron, Arthur and Plappert, Matthias and Powell, Glenn and Ray, Alex and others},
  journal={The International Journal of Robotics Research},
  volume={39},
  number={1},
  pages={3--20},
  year={2020},
  publisher={SAGE Publications Sage UK: London, England}
}

@inproceedings{boney2019regularizing,
  title={Regularizing trajectory optimization with denoising autoencoders},
  author={Boney, Rinu and Di Palo, Norman and Berglund, Mathias and Ilin, Alexander and Kannala, Juho and Rasmus, Antti and Valpola, Harri},
  booktitle={Advances in Neural Information Processing Systems},
  pages={2859--2869},
  year={2019}
}



@article{lillicrap2015continuous,
  title={Continuous control with deep reinforcement learning},
  author={Lillicrap, Timothy P and Hunt, Jonathan J and Pritzel, Alexander and Heess, Nicolas and Erez, Tom and Tassa, Yuval and Silver, David and Wierstra, Daan},
  journal={arXiv preprint arXiv:1509.02971},
  year={2015}
}

@inproceedings{chua2018deep,
  title={Deep reinforcement learning in a handful of trials using probabilistic dynamics models},
  author={Chua, Kurtland and Calandra, Roberto and McAllister, Rowan and Levine, Sergey},
  booktitle={Advances in Neural Information Processing Systems},
  pages={4754--4765},
  year={2018}
}

@inproceedings{finn2016deep,
  title={Deep spatial autoencoders for visuomotor learning},
  author={Finn, Chelsea and Tan, Xin Yu and Duan, Yan and Darrell, Trevor and Levine, Sergey and Abbeel, Pieter},
  booktitle={2016 IEEE International Conference on Robotics and Automation (ICRA)},
  pages={512--519},
  year={2016},
  organization={IEEE}
}

@inproceedings{abbeel2007application,
  title={An application of reinforcement learning to aerobatic helicopter flight},
  author={Abbeel, Pieter and Coates, Adam and Quigley, Morgan and Ng, Andrew Y},
  booktitle={Advances in neural information processing systems},
  pages={1--8},
  year={2007}
}

@article{berner2019dota,
  title={Dota 2 with large scale deep reinforcement learning},
  author={Berner, Christopher and Brockman, Greg and Chan, Brooke and Cheung, Vicki and D{\k{e}}biak, Przemys{\l}aw and Dennison, Christy and Farhi, David and Fischer, Quirin and Hashme, Shariq and Hesse, Chris and others},
  journal={arXiv preprint arXiv:1912.06680},
  year={2019}
}

@article{ha2018world,
  title={World models},
  author={Ha, David and Schmidhuber, J{\"u}rgen},
  journal={arXiv preprint arXiv:1803.10122},
  year={2018}
}

@article{langlois2019benchmarking,
  title={Benchmarking model-based reinforcement learning},
  author={Langlois, Eric and Zhang, Shunshi and Zhang, Guodong and Abbeel, Pieter and Ba, Jimmy},
  journal={arXiv preprint arXiv:1907.02057},
  year={2019}
}